<collection xmlns="http://www.loc.gov/MARC21/slim"><record><leader>00806nam  2200217   450</leader><controlfield tag="001">959</controlfield><controlfield tag="003">http://montalegre.opacnet.com/OPAC/default.aspx?ContentAreaControl=ShowRegHoldings.ascx&amp;RegNo=16662</controlfield><datafield tag="100" ind1=" " ind2=" "><subfield code="a">19760601d1976    m  y0pora010305  ba</subfield></datafield><datafield tag="101" ind1="1" ind2=" "><subfield code="a">por</subfield></datafield><datafield tag="102" ind1=" " ind2=" "><subfield code="a">PT</subfield></datafield><datafield tag="200" ind1="1" ind2=" "><subfield code="a">&lt;A &gt;vénus das peles</subfield><subfield code="a">Diderot e Catarina &lt;II 2&gt;</subfield><subfield code="a">Cenas da corte da Rússia</subfield><subfield code="f">Leopold von Sacher-Masoch</subfield><subfield code="g">trad. José Valentim Lemos</subfield></datafield><datafield tag="210" ind1=" " ind2=" "><subfield code="a">Lisboa</subfield><subfield code="c">Livros do Brasil</subfield><subfield code="d">[D.L. 1976]</subfield></datafield><datafield tag="215" ind1=" " ind2=" "><subfield code="a">252, [4] p.</subfield><subfield code="d">21 cm</subfield></datafield><datafield tag="225" ind1="2" ind2=" "><subfield code="a">Sexologia e erótica</subfield></datafield><datafield tag="517" ind1="1" ind2=" "><subfield code="a">Diderot e Catarina &lt;II 2&gt;</subfield></datafield><datafield tag="517" ind1="1" ind2=" "><subfield code="a">Cenas da corte da Rússia</subfield></datafield><datafield tag="675" ind1=" " ind2=" "><subfield code="a">821</subfield><subfield code="v">BN</subfield><subfield code="z">por</subfield></datafield><datafield tag="700" ind1=" " ind2="1"><subfield code="a">Sacher-Masoch</subfield><subfield code="b">Leopold</subfield><subfield code="f">1835-1895</subfield></datafield><datafield tag="702" ind1=" " ind2="1"><subfield code="a">Lemos</subfield><subfield code="b">José Valentim</subfield><subfield code="4">730</subfield></datafield><datafield tag="801" ind1=" " ind2="0"><subfield code="a">PT</subfield><subfield code="b">Biblioteca Municipal de Montalegre</subfield><subfield code="g">RPC</subfield></datafield><datafield tag="856" ind1=" " ind2=" "><subfield code="u">locateMedia.asp?cod=20060704091216&amp;ext=jpg</subfield><subfield code="z">CAPA</subfield></datafield><datafield tag="909" ind1="&#9;" ind2=" "><subfield code="a">1</subfield></datafield><datafield tag="966" ind1=" " ind2=" "><subfield code="a">0009203</subfield><subfield code="l">BMM</subfield><subfield code="s">SCG 821 SAC vén</subfield></datafield></record></collection>